<record><leader>00000cas a22000007a 4500</leader><controlfield tag="001">14154308</controlfield><controlfield tag="008">860827d18881979txuwr ne      0    0eng d</controlfield><datafield ind1=" " ind2=" " tag="010"><subfield code="a">sn 86088706 </subfield></datafield><datafield ind1=" " ind2=" " tag="040"><subfield code="a">PPM</subfield><subfield code="b">eng</subfield><subfield code="c">PPM</subfield><subfield code="d">OCLCQ</subfield></datafield><datafield ind1=" " ind2=" " tag="042"><subfield code="a">msc</subfield></datafield><datafield ind1="0" ind2="4" tag="245"><subfield code="a">The Seguin enterprise.</subfield></datafield><datafield ind1=" " ind2=" " tag="260"><subfield code="a">Seguin, Tex. :</subfield><subfield code="b">John D. Goodrich</subfield></datafield><datafield ind1=" " ind2=" " tag="300"><subfield code="a">v. :</subfield><subfield code="b">ill. ;</subfield><subfield code="c">66 cm.</subfield></datafield><datafield ind1=" " ind2=" " tag="310"><subfield code="a">Weekly</subfield></datafield><datafield ind1="1" ind2=" " tag="362"><subfield code="a">Began Oct 2, 1888; ceased Aug. 30, 1979.</subfield></datafield><datafield ind1=" " ind2=" " tag="588"><subfield code="a">Description based on: Vol. 1, no. 3 (Oct. 16, 1888).</subfield></datafield><datafield ind1=" " ind2=" " tag="752"><subfield code="a">United States</subfield><subfield code="b">Texas</subfield><subfield code="c">Guadalupe</subfield><subfield code="d">Seguin.</subfield></datafield><datafield ind1="0" ind2="7" tag="785"><subfield code="t">Seguin gazette</subfield><subfield code="w">(DLC)sn 86089304</subfield></datafield><datafield ind1="0" ind2="7" tag="785"><subfield code="t">Seguin enterprise-gazette</subfield><subfield code="w">(DLC)sn 88083396</subfield></datafield></record>